
@inproceedings{afekUpperLowerBounds1989,
  title = {Upper and Lower Bounds for Routing Schemes in Dynamic Networks},
  booktitle = {30th {{Annual Symposium}} on {{Foundations}} of {{Computer Science}}},
  author = {Afek, Y. and Gafni, E. and Ricklin, M.},
  date = {1989},
  pages = {370--375},
  publisher = {{IEEE}},
  location = {{Research Triangle Park, NC, USA}},
  doi = {10.1109/SFCS.1989.63505},
  url = {http://ieeexplore.ieee.org/document/63505/},
  urldate = {2020-05-25},
  eventtitle = {30th {{Annual Symposium}} on {{Foundations}} of {{Computer Science}}},
  isbn = {978-0-8186-1982-3}
}

@article{BGPchurnCore2012,
  title = {{{BGP}} Churn Evolution: {{A}} Perspective from the Core},
  author = {Elmokashfi, Ahmed and Kvalbein, Amund and Dovrolis, Constantine},
  date = {2012-04},
  journaltitle = {IEEE/ACM Trans. Netw.},
  volume = {20},
  pages = {571--584},
  publisher = {{IEEE Press}},
  issn = {1063-6692},
  issue_date = {April 2012},
  keywords = {BGP,internetworking,routing,scalability},
  number = {2},
  pagetotal = {14}
}

@online{CAIDAASRank,
  title = {{{CAIDA ASRank}}},
  url = {https://asrank.caida.org/}
}

@inproceedings{dhamdhereInternetFlatModeling2010,
  title = {The {{Internet}} Is Flat: Modeling the Transition from a Transit Hierarchy to a Peering Mesh},
  shorttitle = {The {{Internet}} Is Flat},
  booktitle = {Proceedings of the 6th {{International COnference}} on - {{Co}}-{{NEXT}} '10},
  author = {Dhamdhere, Amogh and Dovrolis, Constantine},
  date = {2010},
  pages = {1},
  publisher = {{ACM Press}},
  location = {{Philadelphia, Pennsylvania}},
  doi = {10.1145/1921168.1921196},
  url = {http://portal.acm.org/citation.cfm?doid=1921168.1921196},
  eventtitle = {The 6th {{International COnference}}},
  isbn = {978-1-4503-0448-1},
  langid = {english}
}

@inproceedings{dhamdhereTenYearsEvolution2008,
  title = {Ten Years in the Evolution of the Internet Ecosystem},
  booktitle = {Proceedings of the 8th {{ACM SIGCOMM}} Conference on {{Internet}} Measurement Conference - {{IMC}} '08},
  author = {Dhamdhere, Amogh and Dovrolis, Constantine},
  date = {2008},
  pages = {183},
  publisher = {{ACM Press}},
  location = {{Vouliagmeni, Greece}},
  doi = {10.1145/1452520.1452543},
  url = {http://portal.acm.org/citation.cfm?doid=1452520.1452543},
  eventtitle = {The 8th {{ACM SIGCOMM}} Conference},
  isbn = {978-1-60558-334-1},
  langid = {english}
}

@report{dReportIABWorkshop,
  title = {Report from the {{IAB}} Workshop on Routing and Addressing},
  author = {D, Meyer and L, Zhang and K, Fall},
  url = {http://tools.ietf.org/id/draft-iab-raws-report02.txt, April 2007}
}

@article{elmokashfiScalabilityBGPRole2010,
  title = {On the {{Scalability}} of {{BGP}}: {{The Role}} of {{Topology Growth}}},
  shorttitle = {On the {{Scalability}} of {{BGP}}},
  author = {Elmokashfi, Ahmed and Kvalbein, Amund and Dovrolis, Constantine},
  date = {2010-10},
  journaltitle = {IEEE Journal on Selected Areas in Communications},
  shortjournal = {IEEE J. Select. Areas Commun.},
  volume = {28},
  pages = {1250--1261},
  issn = {0733-8716},
  doi = {10.1109/JSAC.2010.101003},
  url = {http://ieeexplore.ieee.org/document/5586438/},
  file = {C\:\\Users\\Matteo\\Zotero\\storage\\NZARTG8N\\Elmokashfi et al. - 2010 - On the Scalability of BGP The Role of Topology Gr.pdf},
  number = {8}
}

@inproceedings{gavoilleMemoryRequirementRouting1996,
  title = {Memory Requirement for Routing in Distributed Networks},
  booktitle = {Proceedings of the Fifteenth Annual {{ACM}} Symposium on {{Principles}} of Distributed Computing  - {{PODC}} '96},
  author = {Gavoille, Cyril and Pérennès, Stéphane},
  date = {1996},
  pages = {125--133},
  publisher = {{ACM Press}},
  location = {{Philadelphia, Pennsylvania, United States}},
  doi = {10.1145/248052.248075},
  url = {http://portal.acm.org/citation.cfm?doid=248052.248075},
  eventtitle = {The Fifteenth Annual {{ACM}} Symposium},
  isbn = {978-0-89791-800-8},
  langid = {english}
}

@inproceedings{giotsasInferringMultilateralPeering2013,
  title = {Inferring Multilateral Peering},
  booktitle = {Proceedings of the Ninth {{ACM}} Conference on {{Emerging}} Networking Experiments and Technologies - {{CoNEXT}} '13},
  author = {Giotsas, Vasileios and Zhou, Shi and Luckie, Matthew and {claffy}, kc},
  date = {2013},
  pages = {247--258},
  publisher = {{ACM Press}},
  location = {{Santa Barbara, California, USA}},
  doi = {10.1145/2535372.2535390},
  url = {http://dl.acm.org/citation.cfm?doid=2535372.2535390},
  eventtitle = {The Ninth {{ACM}} Conference},
  file = {C\:\\Users\\Matteo\\Zotero\\storage\\YH643GNA\\Giotsas et al. - 2013 - Inferring multilateral peering.pdf},
  isbn = {978-1-4503-2101-3},
  langid = {english}
}

@online{GraphCAIDA,
  title = {{{AS}} Graph, {{CAIDA}}},
  url = {http://data.caida.org/datasets/as-relationships/serial-2/}
}

@article{krioukovCompactRoutingInternet2007,
  title = {On Compact Routing for the Internet},
  author = {Krioukov, Dmitri and c {claffy}, k and Fall, Kevin and Brady, Arthur},
  date = {2007-07-20},
  journaltitle = {ACM SIGCOMM Computer Communication Review},
  shortjournal = {SIGCOMM Comput. Commun. Rev.},
  volume = {37},
  pages = {41--52},
  issn = {0146-4833},
  doi = {10.1145/1273445.1273450},
  url = {https://dl.acm.org/doi/10.1145/1273445.1273450},
  file = {C\:\\Users\\Matteo\\Zotero\\storage\\DMRGG8YA\\Krioukov et al. - 2007 - On compact routing for the internet.pdf},
  langid = {english},
  number = {3}
}

@article{lixingaoStableInternetRouting2001,
  title = {Stable {{Internet}} Routing without Global Coordination},
  author = {{Lixin Gao} and Rexford, J.},
  year = {Dec./2001},
  journaltitle = {IEEE/ACM Transactions on Networking},
  shortjournal = {IEEE/ACM Trans. Networking},
  volume = {9},
  pages = {681--692},
  issn = {10636692},
  doi = {10.1109/90.974523},
  url = {http://ieeexplore.ieee.org/document/974523/},
  number = {6}
}

@inproceedings{luckieRelationshipsCustomerCones2013,
  title = {{{AS}} Relationships, Customer Cones, and Validation},
  booktitle = {Proceedings of the 2013 Conference on {{Internet}} Measurement Conference - {{IMC}} '13},
  author = {Luckie, Matthew and Huffaker, Bradley and Dhamdhere, Amogh and Giotsas, Vasileios and {claffy}, kc},
  date = {2013},
  pages = {243--256},
  publisher = {{ACM Press}},
  location = {{Barcelona, Spain}},
  doi = {10.1145/2504730.2504735},
  url = {http://dl.acm.org/citation.cfm?doid=2504730.2504735},
  eventtitle = {The 2013 Conference},
  file = {C\:\\Users\\Matteo\\Zotero\\storage\\XPJ3SMBV\\Luckie et al. - 2013 - AS relationships, customer cones, and validation.pdf},
  isbn = {978-1-4503-1953-9},
  langid = {english}
}

@article{Oliveira_measurementof,
  title = {Measurement of Highly Active Prefixes in {{BGP}}},
  author = {Oliveira, Ricardo V. and Izhak-ratzin, Rafit and Zhang, Beichuan and Zhang, Lixia and Oliveira, Ricardo V. and Izhak-ratzin, Rafit and Zhang, Beichuan and Zhang, Lixia},
  journaltitle = {IEEE GLOBECOM},
  volume = {2005}
}

@online{Potaroo,
  title = {Potaroo},
  url = {http://bgp.potaroo.net}
}

@online{RoutingAlgorithmsSimulator,
  title = {Routing {{Algorithms Simulator}}},
  url = {https://github.com/dedis/student_20_compactInternet}
}

@article{thorupApproximateDistanceOracles2005,
  title = {Approximate Distance Oracles},
  author = {Thorup, Mikkel and Zwick, Uri},
  date = {2005-01-01},
  journaltitle = {Journal of the ACM},
  shortjournal = {J. ACM},
  volume = {52},
  pages = {1--24},
  issn = {00045411},
  doi = {10.1145/1044731.1044732},
  url = {http://portal.acm.org/citation.cfm?doid=1044731.1044732},
  file = {C\:\\Users\\Matteo\\Zotero\\storage\\PJZBEUCW\\Thorup and Zwick - 2005 - Approximate distance oracles.pdf},
  langid = {english},
  number = {1}
}

@inproceedings{wangQuantifyingFlatteningInternet2016,
  title = {Quantifying the {{Flattening}} of {{Internet Topology}}},
  booktitle = {Proceedings of the 11th {{International Conference}} on {{Future Internet Technologies}} - {{CFI}} '16},
  author = {Wang, Yangyang and Zhang, Keyao},
  date = {2016},
  pages = {113--117},
  publisher = {{ACM Press}},
  location = {{Nanjing, China}},
  doi = {10.1145/2935663.2935682},
  url = {http://dl.acm.org/citation.cfm?doid=2935663.2935682},
  urldate = {2020-05-26},
  eventtitle = {The 11th {{International Conference}}},
  isbn = {978-1-4503-4181-3},
  langid = {english}
}


